<?xml version="1.0" encoding="UTF-8"?><collection xmlns="http://www.loc.gov/MARC21/slim"><record><leader>00487nam--2200193-i-4500</leader><controlfield tag="001">000020000</controlfield><controlfield tag="002">20161230</controlfield><controlfield tag="005">20161230201033</controlfield><controlfield tag="008">060222s1000------------r-----000-0-eng-d</controlfield><datafield ind1=" " ind2=" " tag="020"><subfield code="a">03870532220</subfield></datafield><datafield ind1=" " ind2=" " tag="040"><subfield code="a">IFIN-HH</subfield></datafield><datafield ind1=" " ind2=" " tag="080"><subfield code="a">539.31:620.17</subfield></datafield><datafield ind1="1" ind2=" " tag="100"><subfield code="a">Flugge, Wilhelm</subfield></datafield><datafield ind1="1" ind2="0" tag="245"><subfield code="a">Stresses in shells</subfield><subfield code="c">Wilhelm flugge</subfield></datafield><datafield ind1=" " ind2=" " tag="250"><subfield code="a">Second Edition</subfield></datafield><datafield ind1=" " ind2=" " tag="260"><subfield code="a">New York</subfield><subfield code="b">Springer-verlag</subfield><subfield code="c">1973</subfield></datafield><datafield ind1=" " ind2=" " tag="300"><subfield code="a">XI + 525 P</subfield></datafield><datafield ind1=" " ind2=" " tag="852"><subfield code="a">70213</subfield><subfield code="c">539.3</subfield></datafield><datafield ind1=" " ind2=" " tag="CAT"><subfield code="a">Sys</subfield><subfield code="c">20130121</subfield><subfield code="h">165530</subfield></datafield></record></collection>